<?xml version="1.0" encoding="UTF-8"?><collection xmlns="http://www.loc.gov/MARC21/slim"><record><leader>00392nam--2200133-i-4500</leader><controlfield tag="001">000002203</controlfield><controlfield tag="002">20161230</controlfield><controlfield tag="005">20161230201024</controlfield><controlfield tag="008">060222s1000------------r-----000-0-eng-d</controlfield><datafield ind1=" " ind2=" " tag="100"><subfield code="a">Filip, Romulus Ioan</subfield></datafield><datafield ind1=" " ind2=" " tag="245"><subfield code="a">Filipescu, laurentiu</subfield></datafield><datafield ind1=" " ind2=" " tag="260"><subfield code="a">Tehnologia Produselor Sodice Si Clorosodice. Derivatii Sodice, Si Clorosodice</subfield></datafield><datafield ind1=" " ind2=" " tag="490"><subfield code="a">Bucuresti, Editura Tehnica, 1986. 278 P</subfield></datafield><datafield ind1=" " ind2=" " tag="852"><subfield code="a">661</subfield></datafield></record></collection>